###########
@article{Khoe:1994:CML:2288694.2294265,
    author = {Khoe, G. -D.},
    title = {Coherent multicarrier lightwave technology for flexible capacity networks},
    journal = {Comm. Mag.},
    issue_date = {March 1994},
    volume = {32},
    number = {3},
    month = mar,
    year = {1994},
    issn = {0163-6804},
    pages = {22--33},
    numpages = {12},
    url = {http://dx.doi.org/10.1109/35.267438},
    doi = {10.1109/35.267438},
    acmid = {2294265},
    publisher = {IEEE Press},
    address = {Piscataway, NJ, USA},
}

@misc{kam_2018, title={Superconductivty Data Data Set }, url={https://archive.ics.uci.edu/ml/datasets/Superconductivty Data}, journal={UCI Machine Learning Repository: Superconductivty Data Data Set}, publisher={University of Pennsylvania, Statistics}, author={Kam, Hamidieh}, year={2018}, month={Oct}}

@article{mao2004orthogonal,
  title={Orthogonal forward selection and backward elimination algorithms for feature subset selection},
  author={Mao, Kezhi Z},
  journal={IEEE Transactions on Systems, Man, and Cybernetics, Part B (Cybernetics)},
  volume={34},
  number={1},
  pages={629--634},
  year={2004},
  publisher={IEEE}
}

@article{tibshirani1996regression,
  title={Regression shrinkage and selection via the lasso},
  author={Tibshirani, Robert},
  journal={Journal of the Royal Statistical Society: Series B (Methodological)},
  volume={58},
  number={1},
  pages={267--288},
  year={1996},
  publisher={Wiley Online Library}
}

@inproceedings{kohavi1995study,
  title={A study of cross-validation and bootstrap for accuracy estimation and model selection},
  author={Kohavi, Ron and others},
  booktitle={Ijcai},
  volume={14},
  number={2},
  pages={1137--1145},
  year={1995},
  organization={Montreal, Canada}
}
###########
@inproceedings{ugulino2012wearable,
  title={Wearable computing: Accelerometersâ€™ data classification of body postures and movements},
  author={Ugulino, Wallace and Cardador, D{\'e}bora and Vega, Katia and Velloso, Eduardo and Milidi{\'u}, Ruy and Fuks, Hugo},
  booktitle={Brazilian Symposium on Artificial Intelligence},
  pages={52--61},
  year={2012},
  organization={Springer}
}
@inproceedings{velloso2013qualitative,
  title={Qualitative activity recognition of weight lifting exercises},
  author={Velloso, Eduardo and Bulling, Andreas and Gellersen, Hans and Ugulino, Wallace and Fuks, Hugo},
  booktitle={Proceedings of the 4th Augmented Human International Conference},
  pages={116--123},
  year={2013},
  organization={ACM}
}
@book{james2013introduction,
  title={An introduction to statistical learning},
  author={James, Gareth and Witten, Daniela and Hastie, Trevor and Tibshirani, Robert},
  volume={112},
  year={2013},
  publisher={Springer}
}







@misc{tomigelo_2018, title={Spotify Audio Features}, url={https://www.kaggle.com/tomigelo/spotify-audio-features/version/1}, journal={Kaggle}, author={Tomigelo}, year={2018}, month={Dec}}
@misc{spotifyfordevelopers, title={Get Audio Features for a Track}, url={https://developer.spotify.com/documentation/web-api/reference/tracks/get-audio-features/}, journal={Spotify for Developers}}










